@article{ParaffinICSC,
  title   = {{ICSC 1457 - PARAFFIN WAX}},
  url     = {http://www.ilo.org/dyn/icsc/showcard.display?p_card_id=1457&p_version=2&p_lang=en},
  journal = {International Labour Organization},
  year    = {2021}
}


@article{Lab_Equipment_2019,
  title    = {Lab Equipment},
  url      = {https://chem.libretexts.org/Courses/Hope_College/General_Chemistry_Labs/Lab_Equipment},
  journal  = {Chemistry LibreTexts},
  year     = {2019},
  month    = jun,
  language = {en}
}
